@ARTICLE{Hristov21,
       author = {{Hristov}, Boyan and {Hoeflich}, Peter and {Collins}, David C.},
        title = "{Physics of Thermonuclear Explosions: Magnetic Field Effects on Deflagration Fronts and Observable Consequences}",
      journal = {\apj},
     keywords = {1728, 1966, 918, 96, Astrophysics - Solar and Stellar Astrophysics},
         year = 2021,
        month = dec,
       volume = {923},
       number = {2},
          eid = {210},
        pages = {210},
          doi = {10.3847/1538-4357/ac0ef8},
archivePrefix = {arXiv},
       eprint = {2106.14589},
 primaryClass = {astro-ph.SR},
       adsurl = {https://ui.adsabs.harvard.edu/abs/2021ApJ...923..210H},
      adsnote = {Provided by the SAO/NASA Astrophysics Data System}
}


